@inproceedings{steck2019embarrassingly,
  title={Embarrassingly shallow autoencoders for sparse data},
  author={Steck, Harald},
  booktitle={The World Wide Web Conference (WWW)},
  year={2019}
}

@inproceedings{liang2018variational,
  title={Variational autoencoders for collaborative filtering},
  author={Liang, Dawen and Krishnan, Rahul G and Hoffman, Matthew D and Jebara, Tony},
  booktitle={The World Wide Web Conference (WWW)},
  year={2018}
}

@inproceedings{hu2008collaborative,
  title={Collaborative filtering for implicit feedback datasets},
  author={Hu, Yifan and Koren, Yehuda and Volinsky, Chris},
  booktitle={International Conference on Data Mining},
  year={2008},
}

@inproceedings{ning2011slim,
  title={Slim: Sparse linear methods for top-n recommender systems},
  author={Ning, Xia and Karypis, George},
  booktitle={International Conference on Data Mining (ICDM)},
  year={2011},
}

@inproceedings{jarvelin2000ir,
  title={IR evaluation methods for retrieving highly relevant documents},
  author={J{\"a}rvelin, Kalervo and Kek{\"a}l{\"a}inen, Jaana},
  booktitle={International ACM SIGIR Conference on Research and Development in Information Retrieval},
  year={2000}
}

@inproceedings{NEURIPS2020_e33d974a,
 author = {Steck, Harald},
 booktitle = {Advances in Neural Information Processing Systems (NeurIPS)},
 publisher = {Curran Associates, Inc.},
 title = {Autoencoders that don\textquotesingle t overfit towards the Identity},
 year = {2020}
}

@article{advani2020high,
  title={High-dimensional dynamics of generalization error in neural networks},
  author={Advani, Madhu S and Saxe, Andrew M and Sompolinsky, Haim},
  journal={Neural Networks},
  year={2020},
  publisher={Elsevier}
}

@inproceedings{pretorius2018learning,
  title={Learning dynamics of linear denoising autoencoders},
  author={Pretorius, Arnu and Kroon, Steve and Kamper, Herman},
  booktitle={International Conference on Machine Learning (ICML)},
  year={2018},
}

@inproceedings{NIPS2016_f2fc9902,
 author = {Kawaguchi, Kenji},
 booktitle = {Advances in Neural Information Processing Systems (NeurIPS)},
 publisher = {Curran Associates, Inc.},
 title = {Deep learning without poor local minima},
 year = {2016}
}

@inproceedings{depauw24,
author = {De Pauw, Joey and Goethals, Bart},
title = {The role of unknown interactions in implicit matrix factorization â€” A probabilistic view},
year = {2024},
booktitle = {ACM Conference on Recommender Systems (RecSys)},
}

@inproceedings{ayoubswitching,
  title={Switching the loss reduces the cost in batch reinforcement learning},
  year={2024},
  author={Ayoub, Alex and Wang, Kaiwen and Liu, Vincent and Robertson, Samuel and McInerney, James and Liang, Dawen and Kallus, Nathan and Szepesvari, Csaba},
  booktitle={International Conference on Machine Learning (ICML)}
}

@article{steck2021regularization,
  title={On the regularization of autoencoders},
  author={Steck, Harald and Garcia, Dario Garcia},
  journal={arXiv preprint arXiv:2110.11402},
  year={2021}
}

@inproceedings{jin2021towards,
  title={Towards a better understanding of linear models for recommendation},
  author={Jin, Ruoming and Li, Dong and Gao, Jing and Liu, Zhi and Chen, Li and Zhou, Yang},
  booktitle={ACM SIGKDD Conference on Knowledge Discovery \& Data Mining},
  year={2021}
}

@@inproceedings{cichocki2007regularized,
  title={Regularized alternating least squares algorithms for non-negative matrix/tensor factorization},
  author={Cichocki, Andrzej and Zdunek, Rafal},
  booktitle={International Symposium on Neural Networks},
  year={2007}
}

@article{lee2023randomly,
  title={Randomly initialized alternating least squares: Fast convergence for matrix sensing},
  author={Lee, Kiryung and St{\"o}ger, Dominik},
  journal={SIAM Journal on Mathematics of Data Science},
  year={2023},
  publisher={SIAM}
}

@article{ye2021global,
  title={Global convergence of gradient descent for asymmetric low-rank matrix factorization},
  author={Ye, Tian and Du, Simon S},
  journal={Advances in Neural Information Processing Systems (NeurIPS)},
  year={2021}
}

@article{steck2019collaborative,
  title={Collaborative filtering via high-dimensional regression},
  author={Steck, Harald},
  journal={arXiv preprint arXiv:1904.13033},
  year={2019}
}

@book{Horn_Johnson_1991, title={Topics in Matrix Analysis}, publisher={Cambridge University Press}, author={Horn, Roger A. and Johnson, Charles R.}, year={1991}}

@book{Abadir_Magnus_2005, place={Cambridge}, title={Matrix Algebra}, publisher={Cambridge University Press}, author={Abadir, Karim M. and Magnus, Jan R.}, year={2005}
}

@book{axler,
  author = {Axler, Sheldon Jay},
  publisher = {Springer},
  title = {Linear Algebra Done Right},
  year = 1997
}
